
%AAAAAAAAAAAAAAAAAAAAAAAAAAAAAAAAAAAAAAAAAAAAAAAAAAAAAAAAAAAAAAAAAAAAAAAAAAAAAAAAAAAA

%BBBBBBBBBBBBBBBBBBBBBBBBBBBBBBBBBBBBBBBBBBBBBBBBBBBBBBBBBBBBBBBBBBBBBBBBBBBBBBBBBBBBBBBBBBBBBBBBBBBBBBBBBB

@Inproceedings{Bird:2006nltk,
  title={NLTK: the natural language toolkit},
  author={Bird, Steven},
  booktitle={Proceedings of the COLING/ACL 2006 Interactive Presentation Sessions},
  pages={69--72},
  year={2006}
}

@Book{BirdKleinLoper:2009NLTK,
Author		={Bird, S. and Klein, E. and Loper, E.},
Year		={2009},
Title		={Natural language processing with Python: analyzing text with the natural language toolkit},
Publisher	={Oâ€™Reilly Media},
}

%CCCCCCCCCCCCCCCCCCCCCCCCCCCCCCCCCCCCCCCCCCCCCCCCCCCCCCCCCCCCCCCCCCCCCCCCCCCCCCCCCCCCCCCCCCCCCCCCCCCCC

@Book{Carnie:2010constituentstructure,
  Title			={Constituent structure},
  Author		={Carnie, Andrew},
  Year			={2010},
  Publisher		={Oxford University Press},
  Address		={Oxford},
}

@InCollection{ChomskyMiller:1963formalanalysis,
Author		={Chomsky, Noam and Miller, George},
Title		={{F}ormal {A}nalysis of {N}atural {L}anguages},
Year		={1963},
Booktitle	={{H}andbook of {M}athematical {P}sychology: {V}olume {I}{I}},
Editor		={Luce, Robert Duncan and Bush, Robert R. and Galanter, Eugene},
Publisher	={John Wiley and sons},
Address		={New York, London},
Pages		={269--321},
}


@InCollection{Chomsky:1963grammarformalproperties,
Author		={Chomsky, Noam},
Title		={{F}ormal {P}roperties of {G}rammars},
Pages		={323--418},
Year		={1963},
Booktitle	={{H}andbook of {M}athematical {P}sychology: {V}olume {I}{I}},
Editor		={Luce, Robert Duncan and Bush, Robert R. and Galanter, Eugene},
Publisher	={John Wiley and sons},
Address		={New York, London},
}

@InProceedings{Chomsky:1964logicalbasis,
Author		={Chomsky, Noam},
Year		={1964},
Publisher	={Mouton},
Address		={The Hague},
Title		={The logical basis of linguistic theory},
Booktitle	={{P}roceedings of the {N}inth {I}nternational {C}ongress of {L}inguists},
Editor		={Lunt, H.},
}

%DDDDDDDDDDDDDDDDDDDDDDDDDDDDDDDDDDDDDDDDDDDDDDDDDDDDDDDDDDDDDDDDDDDDDDDDDDDDDDDDDDDDDDDDDDDD

%EEEEEEEEEEEEEEEEEEEEEEEEEEEEEEEEEEEEEEEEEEEEEEEEEEEEEEEEEEEEEEEEEEEEEEEEEEEEEEEEEEEEEEEEEEEEEEEEEEEEEEEEEEEEE

@book{EAGLES:1996,
title		={Recommendations for the Morphosyntactic Annotation of Corpora},
url		={https://home.uni-leipzig.de/burr/Verb/htm/LinkedDocuments/annotate.pdf},
Author		={Leech, G and Wilson, A},
Year		={1996},
organization	={Expert Advisory Group on Language Engineering Standards (EAGLES)},
}

%FFFFFFFFFFFFFFFFFFFFFFFFFFFFFFFFFFFFFFFFFFFFFFFFFFFFFFFFFFFFFFFFFFFFFFFFFFFFFFFFFFFFFFFFFFFFFFFFFFFFFFFFFFFFF

%GGGGGGGGGGGGGGGGGGGGGGGGGGGGGGGGGGGGGGGGGGGGGGGGGGGGGGGGGGGGGGGGGGGGGGGGGGGGGGGGGGGGGGGGGGGGGGG

%HHHHHHHHHHHHHHHHHHHHHHHHHHHHHHHHHHHHHHHHHHHHHHHHHHHHHHHHHHHHHHHHHHHHHHHHHHHHHHHHHHHHHHHHHHHHHHH

@book{HopcroftMotwaniUllman:2006automata,
  Title={Automata theory, languages, and computation},
  Author={Hopcroft, John E and Motwani, Rajeev and Ullman, Jeffrey D},
  Publisher={Addison-Wesley},
  Year={2006},
  Address={Boston, Massachusetts},
}

%IIIIIIIIIIIIIIIIIIIIIIIIIIIIIIIIIIIIIIIIIIIIIIIIIIIIIIIIIIIIIIIIIIIIIIIIIIIIIIIIIIIIIIIIIIIIIIIIIIIIIIIIIIIIIIIIIIIIIIIIIIIIIIIIIIIIIIIIIIIIIIIIIIIIIIIIIIIIIIIIIIIIIIII

%JJJJJJJJJJJJJJJJJJJJJJJJJJJJJJJJJJJJJJJJJJJJJJJJJJJJJJJJJJJJJJJJJJJJJJJJJJJJJJJJJJJJJJJJJJJJJJJJJJJJJJJJJJJJJJJJJJJJJJJJJJJJJJJJJJJJJJJ

@Book{jurafskyspeech,
  title={Speech and Language Processing: An Introduction to Natural Language Processing, Computational Linguistics, and Speech Recognition},
  author={Jurafsky, Daniel and Martin, James H},
  year={2024},
  Note={Draft disponible},
}

%KKKKKKKKKKKKKKKKKKKKKKKKKKKKKKKKKKKKKKKKKKKKKKKKKKKKKKKKKKKKKKKKKKKKKKKKKKKKKKKKKKKKKKKKKKKKKKKKKKKKKKKKKKKKKKKKKK

@Book{KediaRasu:2020,
Author		={Kedia, Aman and Rasu, Mayank},
Year		={2020},
Title		={{H}ands-{O}n {P}ython {N}atural {L}anguage {P}rocessing},
Publisher	={Packt Publishing},
Address		={Birmingham},
}

%LLLLLLLLLLLLLLLLLLLLLLLLLLLLLLLLLLLLLLLLLLLLLLLLLLLLLLLLLLLLLLLLLLLLLLLLLLLLLLLLLLLLLLLLLLLLLLLLLLLLLLLLLLLLLLLLLLLLLLLLLLLLLLLLLLLLLLLLL

%MMMMMMMMMMMMMMMMMMMMMMMMMMMMMMMMMMMMMMMMMMMMMMMMMMMMMMMMMMMMMMMMMMMMMMMMMMMMMMMMMMMMMMMM

%NNNNNNNNNNNNNNNNNNNNNNNNNNNNNNNNNNNNNNNNNNNNNNNNNNNNNNNNNNNNNNNNNNNNNNNNNNNNNNNNNNNNNNNNNNNNNNNNNNNNNNNNNN

%OOOOOOOOOOOOOOOOOOOOOOOOOOOOOOOOOOOOOOOOOOOOOOOOOOOOOOOOOOOOOOOOOOOOOOOOOOOOOOOOOOOOOOOOOOOOO

%PPPPPPPPPPPPPPPPPPPPPPPPPPPPPPPPPPPPPPPPPPPPPPPPPPPPPPPPPPPPPPPPPPPPPPPPPPPPPPPPPPPPPPPPPPPPPPPPPPPPPPPPPPPPPPPPPPPPPPPPPPPP

@inproceedings{Padro:2012freeling,
author		={Llu\'is Padr\'o and Stanilovsky, Evgeny},
title		={FreeLing 3.0: Towards Wider Multilinguality},
booktitle	={Proceedings of the Language Resources and Evaluation Conference (LREC 2012)},
organization	={ELRA},
address		={Istanbul},
year		={2012},
}

@InProceedings{Padro:2010freeling,
Author		={Llu\'is Padr\'o and Collado, Miquel and Reese, Samuel and Lloberes, Marina and Castell\'on, Irene},
Title		={FreeLing 2.1: Five Years of Open-Source Language Processing Tools},
Booktitle	={Proceedings of 7th Language Resources and Evaluation Conference (LREC 2010)},
organization	={ELRA},
Address		={La Valletta},
Year		={2010},
}

@Book{ParteeMeulenRobert:2012mathematical,
  Title = {Mathematical methods in linguistics},
  Author = {Partee, Barbara and Meulen, Alice and Wall, Robert},
  Year = {2012},
  Publisher = {Kluwer Academics},
  Address={Dordrecht}
}

@InProceedings{Pereira:1983parsing,
Title		={Parsing as deduction},
Author		={Pereira, Fernando CN and Warren, David HD},
Booktitle	={21st {A}nnual {M}eeting of the {A}ssociation for {C}omputational {L}inguistics},
Pages		={137--144},
Year		={1983},
}


%QQQQQQQQQQQQQQQQQQQQQQQQQQQQQQQQQQQQQQQQQQQQQQQQQQQQQQQQQQQQQQQQQQQQQQQQQQQQQQQQQQQQQQQQQQQQQQ

@Book{Quesada:1974linguisticagenerativotranasformacinal,
Title		={La ling\"u\'istica generativo transformacional: supuestos e implicaciones},
Author		={Quesada, J. Daniel},
Year		={1974},
Publisher	={Alianza},
Address		={Madrid},
}

%RRRRRRRRRRRRRRRRRRRRRRRRRRRRRRRRRRRRRRRRRRRRRRRRRRRRRRRRRRRRRRRRRRRRRRRRRRRRRRRRRRRRRRRRRRRRRRRRRRRRRRRRRRRR


@Book{Roarksproat:2007computationalaproaches,
    Title={Computational Approaches to Morphology and Syntax},
    Year={2007},
    Author={Roark, Brian and Sproat, Richard},
    Publisher={Oxford University Press},
    Address={Oxford}
}


%SSSSSSSSSSSSSSSSSSSSSSSSSSSSSSSSSSSSSSSSSSSSSSSSSSSSSSSSSSSSSSSSSSSSSSSSSSSSSSSSSSSSSSSSSSSSSSSSSSSSSSSSSSSSSSSSSSSSSSSSSSSSSS


@book{Sandoval:1998linguisticacomputacional,
  Title={Ling\"u{\'i}stica Computacional},
  Author={Sandoval, Antonio Moreno},
  Year={1998},
  Publisher={S\'intesis},
  Address={Madrid},
}

@book{Sandoval:2001gramaticas,
  Title={Gram{\'a}ticas de unificaci{\'o}n y rasgos},
  Author={Sandoval, Antonio Moreno},
  Year={2001},
  Publisher={A. Machado Libros},
  Address={Madrid},
}

%TTTTTTTTTTTTTTTTTTTTTTTTTTTTTTTTTTTTTTTTTTTTTTTTTTTTTTTTTTTTTTTTTTTTTTTTTTTTTTTTTTTTTTTTTTTTTTTTTTTTTTTTTTTTTTTTTTTTTTTTTTTTTTTTTTTTTTTTTTTTTTTTTTTTTTT

%UUUUUUUUUUUUUUUUUUUUUUUUUUUUUUUUUUUUUUUUUUUUUUUUUUUUUUUUUUUUUUUUUUUUUUUUUUUUUUUUUUUUUUUUUUUUUUUUUUUUUUUUUUUU

%VVVVVVVVVVVVVVVVVVVVVVVVVVVVVVVVVVVVVVVVVVVVVVVVVVVVVVVVVVVVVVVVVVVVVVVVVVVVVVVVVVVVVVVVVVVVVVVVVVVVVVVVVVVVVVVVVVVVVVVVVVVVVVV

%WWWWWWWWWWWWWWWWWWWWWWWWWWWWWWWWWWWWWWWWWWWWWWWWWWWWWWWWWWWWWWWWWWWWWWWWWWWW

@Book{Wall:1972mathematicallinguistics,
Title			={Introduction to Mathematical Linguistics},
Author			={Wall, Robert},
Year			={1972},
Publisher		={Prentice-Hall},
Address			={New Jersey},
}

@InCollection{Wintner:2010formallanguages,
Author		={Wintner, Shuly},
Year		={2010},
Title		={Formal language theory},
Editor		={Clark, Alexander and Fox, Chris and Lappin, Shalom},
Booktitle	={The Handbook of Computational Linguistics and Natural Language Processing},
Address	={Massachusetts},
Publisher	={Willey Blakwell},
Pages		={11--42},
}

%XXXXXXXXXXXXXXXXXXXXXXXXXXXXXXXXXXXXXXXXXXXXXXXXXXXXXXXXXXXXXXXXXXXXXXXXXXXXXXXXXXXXXXXXXXXXXXXXXXXXXXXXXXXXXXXXXXXXXXXXXXXXXX

%YYYYYYYYYYYYYYYYYYYYYYYYYYYYYYYYYYYYYYYYYYYYYYYYYYYYYYYYYYYYYYYYYYYYYYYYYYYYYYYYYYYYYYYYYYYYYYYYYYYYYYYYYYYYYYYYYYYYYYYYYYYYYY

%ZZZZZZZZZZZZZZZZZZZZZZZZZZZZZZZZZZZZZZZZZZZZZZZZZZZZZZZZZZZZZZZZZZZZZZZZZZZZZZZZZZZZZZZZZZZZZZZZZZZZZZZZZZZZZZZZZZZZZZZZZZZZZZ




